@misc{ wiki:comp,
   author = "Wikipedia",
   title = "Computer --- Wikipedia{,} The Free Encyclopedia",
   year = "2016",
   url = "https://en.wikipedia.org/w/index.php?title=Computer&oldid=705784804",
   note = "[Online; accessed 25-February-2016]"
 }
